@article{QC82:Fast,
    author = "N. Borisov, I. Goldberg and D. Wagner",
    title  = "Intercepting Mobile Communications:
    The Insecurity of 802.11"}
@article{DH76:New,
    author = "L. M. S. C. of the IEEEComputer Society",
    title = "y. Wireless LAN medium access control(MAC) and physical layer(PHY)
        speciÔ¨Åcations.IEEE Standard 802.11, 1999 Edition",
    year = 1999}
@article{NIST91:DSS,
    author = "S. Fluhrer, I. Mantin, and A. Shamir",
    title = "Weaknesses in the Key Scheduling Algorithm of RC4",
    year = 2001}